<?xml version="1.0" encoding="UTF-8"?><collection xmlns="http://www.loc.gov/MARC21/slim"><record><leader>00399nam--2200121-i-4500</leader><controlfield tag="001">000037488</controlfield><controlfield tag="002">20161230</controlfield><controlfield tag="005">20161230201041</controlfield><controlfield tag="008">060222s1000------------r-----000-0-eng-d</controlfield><datafield ind1=" " ind2=" " tag="080"><subfield code="a">530.12:539.12.001</subfield></datafield><datafield ind1=" " ind2=" " tag="245"><subfield code="a">Quand l`energie devient matiere ... un coup d`oeil sur le monde des particules. ( ... avec une annexe pour en saavoir un peu plus lung)</subfield></datafield><datafield ind1=" " ind2=" " tag="260"><subfield code="a">/Geneva/, Cern, 1983, 43p</subfield></datafield><datafield ind1=" " ind2=" " tag="852"><subfield code="a">71217</subfield></datafield></record></collection>